<record><leader>00000cas a22000007a 4500</leader><controlfield tag="001">16619437</controlfield><controlfield tag="008">870831d18951899ohuwr ne      0    0eng d</controlfield><datafield ind1=" " ind2=" " tag="010"><subfield code="a">sn 87082833 </subfield></datafield><datafield ind1=" " ind2=" " tag="040"><subfield code="a">NPV</subfield><subfield code="b">eng</subfield><subfield code="c">NPV</subfield><subfield code="d">ONP</subfield><subfield code="d">OCLCQ</subfield></datafield><datafield ind1=" " ind2=" " tag="042"><subfield code="a">msc</subfield></datafield><datafield ind1="0" ind2=" " tag="130"><subfield code="a">Yellow Springs review (Yellow Springs, Ohio : 1895)</subfield></datafield><datafield ind1="1" ind2="4" tag="245"><subfield code="a">The Yellow Springs review.</subfield></datafield><datafield ind1=" " ind2=" " tag="260"><subfield code="a">Yellow Springs, Ohio :</subfield><subfield code="b">Marshall &amp; Ellis</subfield></datafield><datafield ind1=" " ind2=" " tag="300"><subfield code="a">v.</subfield></datafield><datafield ind1=" " ind2=" " tag="310"><subfield code="a">Weekly</subfield></datafield><datafield ind1="0" ind2=" " tag="362"><subfield code="a">Vol. 16, no. 11 (Oct. 4, 1895)-</subfield></datafield><datafield ind1="1" ind2=" " tag="362"><subfield code="a">Ceased in May 1899.</subfield></datafield><datafield ind1=" " ind2=" " tag="500"><subfield code="a">Publisher varies.</subfield></datafield><datafield ind1=" " ind2=" " tag="525"><subfield code="a">Supplements accompany some issues.</subfield></datafield><datafield ind1=" " ind2=" " tag="752"><subfield code="a">United States</subfield><subfield code="b">Ohio</subfield><subfield code="c">Greene</subfield><subfield code="d">Yellow Springs.</subfield></datafield><datafield ind1="0" ind2="0" tag="780"><subfield code="t">Yellow Springs torch</subfield><subfield code="w">(DLC)sn 88077007</subfield></datafield></record>